@misc{aws_microservice,
  title      = {Was sind {Microservices}? {\textbar} {AWS}},
  shorttitle = {Was sind {Microservices}?},
  url        = {https://aws.amazon.com/de/microservices/},
  abstract   = {Microservices sind ein architekturbezogener und organisatorischer Ansatz in der Softwareentwicklung, bei dem Software aus kleinen unabhängigen Services besteht, die über sorgfältig definierte APIs kommunizieren. Diese Services gehören kleinen, eigenständigen Teams. Microservices-Architekturen vereinfachen die Skalierbarkeit und verringern die Entwicklungszeit von Anwendungen, ermöglichen Innovationen und verkürzen die Markteinführungszeit für neue Funktionen.},
  language   = {de-DE},
  journal    = {Amazon Web Services, Inc.},
  author     = {Amazon Web Services Inc. (Hg) },
  addendum   = {abgerufen am 20.10.2022}
}

@misc{rabbitmq,
  title     = {{RabbitMQ}},
  copyright = {Creative Commons Attribution-ShareAlike License},
  url       = {https://de.wikipedia.org/w/index.php?title=RabbitMQ&oldid=222274219},
  abstract  = {RabbitMQ ist eine Open Source Message Broker Software, die das Advanced Message Queuing Protocol (AMQP) implementiert. Der RabbitMQ-Server ist in Erlang geschrieben.
               Die Software wird entwickelt und gepflegt von Rabbit Technologies Ltd, einem Zusammenschluss von LShift und Cohesive FT, die im April 2010 von SpringSource erworben wurde. SpringSource war eine Abteilung von VMware, die im April 2013 in ein neu gegründetes Joint Venture Unternehmen zwischen VMware, EMC Corporation und General Electric mit Namen Pivotal Software Inc. ausgegliedert wurde.},
  language  = {de},
  journal   = {Wikipedia},
  author    = {Wikipedia (Hg)},
  addendum  = {abgerufen am 20.10.2022}
}

@misc{microservices_architekturen,
  title    = {Microservices-{Architekturen} – {Der} ultimative {Guide} {\textbar} {LeanIX}},
  url      = {https://www.leanix.net/de/wiki/vsm/microservices-architecture},
  abstract = {Microservices \& Microservices-Architekturen: Alles, was Sie über den neuen Architekturstil und die unabhängig einsetzbaren Services wissen müssen},
  language = {de},
  author   = {GmbH, LeanIX},
  addendum = {abgerufen am 20.10.2022}
}

@misc{yolov7,
  title      = {{YOLOv7} {Paper} {Explanation}: {Object} {Detection} and {YOLOv7} {Pose}},
  shorttitle = {{YOLOv7} {Paper} {Explanation}},
  url        = {https://learnopencv.com/yolov7-object-detection-paper-explanation-and-inference/},
  abstract   = {YOLOv7 paper explanation with object detection Inference test. Learn how to use YOLOv7 GitHub repository. YOLOv7 Pose detection included.},
  language   = {en-US},
  author     = {Rath, Sovit and others},
  addendum   = {abgerufen am 20.10.2022}
}


@misc{opencv,
  title     = {{OpenCV}},
  copyright = {Creative Commons Attribution-ShareAlike License},
  url       = {https://de.wikipedia.org/w/index.php?title=OpenCV&oldid=226224987},
  abstract  = {OpenCV (englische Abk. für Open Computer Vision) ist eine freie Programmbibliothek mit Algorithmen für die Bildverarbeitung und Computer Vision. Sie ist für die Programmiersprachen C, C++, Python und Java geschrieben und steht als freie Software unter den Bedingungen der Apache 2 License. Die Entwicklung der Bibliothek wurde von Intel initiiert und bis 2013 von Willow Garage gepflegt. Nach deren Auflösung wurde sie von Itseez fortgeführt, das mittlerweile von Intel übernommen wurde.Im September 2006 wurde die Version 1.0 herausgegeben. Ende September 2009 folgte nach längerer Pause die Version 2.0.0, welche die Bezeichnung „Gold“ trägt. Anfang Juni 2015 erschien Version 3.0, die erstmals OpenCL unterstützte.Die Stärke von OpenCV liegt in ihrer Geschwindigkeit und in der großen Menge der Algorithmen aus neuesten Forschungsergebnissen.},
  language  = {de},
  journal   = {Wikipedia},
  author    = {Wikipedia (Hg)},
  addendum  = {abgerufen am 20.10.2022}
}

@misc{tfmini-arduino,
  title    = {{TFmini\_Arduino}},
  url      = {https://github.com/TFmini/TFmini-Arduino},
  language = {en},
  journal  = {GitHub},
  author   = {benewakesupport and others},
  addendum = {abgerufen am 24.10.2022}
}

@misc{labelimg,
  title    = {{LabelImg}},
  url      = {https://github.com/heartexlabs/labelImg},
  language = {en},
  journal  = {GitHub},
  author   = {Tzutalin, Darren and others},
  addendum = {abgerufen am 02.11.2022}
}

@misc{yolov7-impl,
  title    = {{Official YOLOv7}},
  url      = {https://github.com/WongKinYiu/yolov7},
  language = {en},
  journal  = {GitHub},
  author   = {Wang, Chien-Yao and others},
  addendum = {abgerufen am 02.11.2022}
}


@misc{thingiverse,
  title    = {{TFmini} {Plus} holder mount by tonyi},
  url      = {https://www.thingiverse.com/thing:4592503},
  abstract = {This is a holder/ mount for the TFmini Plus.  It is made to fit on an aluminum U-bracket, found commonly, on many hobby sites.  There are hole markings, on the unit, 37mm apart, that are the same dimensions as the outer holes on the U bracket.  You will have to drill out your own holes.  The user will only be able to attach one side of the holder, to the u bracket, but it has held in my testing  The second set of screw hole markings cane be used to mount to a larger mounting platform, and its not necessary;  for version 2, if I decide to make an upgrade.},
  language = {en},
  addendum = {abgerufen am 26.10.2022},
  author   = {Thinigiverse.com (Hg)}
}

@misc{wuttke_deep,
  title      = {Deep {Learning}: {Definition}, {Beispiele} \& {Frameworks}},
  shorttitle = {Deep {Learning}},
  url        = {https://datasolut.com/was-ist-deep-learning/},
  abstract   = {Was ist Deep Learning und wie funktioniert das? In diesem Artikel lernen Sie alle zu Deep Learning und wo es eingesetzt wird.},
  language   = {de-DE},
  addendum   = {abgerufen am 02.11.2022},
  journal    = {datasolut GmbH},
  author     = {Wuttke, Laurenz},
  month      = apr,
  year       = {2022}
}

@misc{semantische_segmentierung,
  title    = {Semantische {Segmentierung}},
  url      = {https://de.mathworks.com/solutions/image-video-processing/semantic-segmentation.html},
  abstract = {Erfahren Sie, wie Sie mithilfe von Deep Learning eine semantische Segmentierung in MATLAB durchführen können. Die Ressourcen umfassen Videos, Beispiele und Dokumentationen für semantische Segmentierungen, neuronale Faltungsnetze, Bildklassifizierung und andere Themen.},
  language = {de},
  addendum = {abgerufen am 02.11.2022},
  author   = {MathWorks (Hg)}
}

@misc{fcnn,
  title      = {Fully {Convolutional} {Network} ({FCN}): {A} {Basic} {Overview} {In} 2021},
  shorttitle = {Fully {Convolutional} {Network} ({FCN})},
  url        = {https://www.jigsawacademy.com/blogs/data-science/fcn/},
  abstract   = {FCNs, or Fully Convolutional Networks, are a form of architecture that is primarily used for semantic segmentation. In this article, we discussed FCN, semantic segmentation, convolutional layer, and semantic segmentation deep learning.},
  language   = {en-US},
  addendum   = {abgerufen am 02.11.2022},
  author     = {Sarangam, Ajay}
}

@misc{wuttke_transfer,
  title      = {Transfer {Learning}: {Grundlagen} und {Einsatzgebiete}},
  shorttitle = {Transfer {Learning}},
  url        = {https://datasolut.com/was-ist-transfer-learning/},
  abstract   = {Transfer Learning ist ein Konzept aus dem Deep Learning, wo vortrainierte Modelle transferiert und in neuen Modellen zum Einsatz finden.},
  language   = {de-DE},
  addendum   = {abgerufen am 02.11.2022},
  journal    = {datasolut GmbH},
  author     = {Wuttke, Laurenz},
  month      = apr,
  year       = {2022}
}


@misc{monolith,
  title    = {Microservices vs. {Monolith} – {Paradigmenwechsel} in der {Software}-{Entwicklung}},
  url      = {https://easy-software.com/de/newsroom/microservices-vs-monolith/},
  abstract = {Ein Monolith ist keine veraltete Architektur ist, die wir in der Vergangenheit lassen sollten. Für bestimmte Anwendungen sind Microservices aber besser geeignet.},
  language = {de-DE},
  addendum = {abgerufen am 02.11.2022},
  journal  = {EASY SOFTWARE AG},
  author   = {SOFTWARE (Hg), EASY},
  month    = sep,
  year     = {2019}
}

@misc{jittern,
  title    = {Jitter},
  url      = {https://www.computerweekly.com/de/definition/Jitter},
  abstract = {Jitter kann zu Problemen bei der Datenübertragung, bei VoIP-Telefonaten und Datendarstellung sowie zu Paketverlusten führen.},
  language = {de},
  addendum = {abgerufen am 02.11.2022},
  author   = {Rosencrance, Linda and Burke, John},
  journal  = {ComputerWeekly.de}
}

@misc{cluster,
  title    = {Cluster {\textbar} it-administrator.de},
  url      = {https://www.it-administrator.de/themen/server_client/grundlagen/172792.html},
  language = {de},
  addendum = {abgerufen am 02.11.2022},
  author   = {it-administrator.de (Hg)}
}

@misc{verpackungsgesetz,
  title    = {Das neue {Verpackungsgesetz} ({VerpackG2}) 2021 - {Das} neue {Verpackungsgesetz} ({VerpackG}) 2022},
  url      = {https://www.verpackungsgesetz.com/themen/das-neue-verpackungsgesetz-verpackg2-2021/},
  language = {de-DE},
  addendum = {abgerufen am 02.11.2022},
  author   = {{SE}}
}
